@article{brown2020language,
  title={Language models are few-shot learners},
  author={Brown, Tom B and Mann, Benjamin and Ryder, Nick and Subbiah, Melanie and Kaplan, Jared and Dhariwal, Prafulla and Neelakantan, Arvind and Shyam, Pranav and Sastry, Girish and Askell, Amanda and others},
  journal={arXiv preprint arXiv:2005.14165},
  year={2020}
}

@article{senior2020improved,
  title={Improved protein structure prediction using potentials from deep learning},
  author={Senior, Andrew W and Evans, Richard and Jumper, John and Kirkpatrick, James and Sifre, Laurent and Green, Tim and Qin, Chongli and {\v{Z}}{\'\i}dek, Augustin and Nelson, Alexander WR and Bridgland, Alex and others},
  journal={Nature},
  volume={577},
  number={7792},
  pages={706--710},
  year={2020},
  publisher={Nature Publishing Group}
}

@article{lao2020tfp,
  title={tfp.mcmc: Modern {Markov} Chain {Monte} {Carlo} Tools Built for Modern Hardware},
  author={Lao, Junpeng and Suter, Christopher and Langmore, Ian and Chimisov, Cyril and Saxena, Ashish and Sountsov, Pavel and Moore, Dave and Saurous, Rif A and Hoffman, Matthew D and Dillon, Joshua V},
  journal={arXiv preprint arXiv:2002.01184},
  year={2020}
}

@article{wilson2020case,
  title={The case for {Bayesian} deep learning},
  author={Wilson, Andrew Gordon},
  journal={arXiv preprint arXiv:2001.10995},
  year={2020}
}

@article{wilson2020bayesian,
  title={{Bayesian} deep learning and a probabilistic perspective of generalization},
  author={Wilson, Andrew Gordon and Izmailov, Pavel},
  journal={arXiv preprint arXiv:2002.08791},
  year={2020}
}

@inproceedings{kristiadi2020being,
  title={Being {Bayesian}, even just a bit, fixes overconfidence in {ReLU} networks},
  author={Kristiadi, Agustinus and Hein, Matthias and Hennig, Philipp},
  booktitle={International Conference on Machine Learning},
  pages={5436--5446},
  year={2020},
  organization={PMLR}
}

@article{maddox2019simple,
  title={A simple baseline for {Bayesian} uncertainty in deep learning},
  author={Maddox, Wesley and Garipov, Timur and Izmailov, Pavel and Vetrov, Dmitry and Wilson, Andrew Gordon},
  journal={arXiv preprint arXiv:1902.02476},
  year={2019}
}

@article{panaretos2019statistical,
  title={Statistical aspects of {Wasserstein} distances},
  author={Panaretos, Victor M and Zemel, Yoav},
  journal={Annual review of statistics and its application},
  volume={6},
  pages={405--431},
  year={2019},
  publisher={Annual Reviews}
}

@article{papamarkou2019challenges,
  title={Challenges in {Bayesian} inference via {Markov} chain {Monte} {Carlo} for neural networks},
  author={Papamarkou, Theodore and Hinkle, Jacob and Young, M Todd and Womble, David},
  journal={arXiv preprint arXiv:1910.06539},
  year={2019}
}

@article{ober2019benchmarking,
  title={Benchmarking the neural linear model for regression},
  author={Ober, Sebastian W and Rasmussen, Carl Edward},
  journal={arXiv preprint arXiv:1912.08416},
  year={2019}
}

@article{ovadia2019can,
  title={Can you trust your model's uncertainty? {Evaluating} predictive uncertainty under dataset shift},
  author={Ovadia, Yaniv and Fertig, Emily and Ren, Jie and Nado, Zachary and Sculley, David and Nowozin, Sebastian and Dillon, Joshua V and Lakshminarayanan, Balaji and Snoek, Jasper},
  journal={arXiv preprint arXiv:1906.02530},
  year={2019}
}

@article{yao2019quality,
  title={Quality of uncertainty quantification for {Bayesian} neural network inference},
  author={Yao, Jiayu and Pan, Weiwei and Ghosh, Soumya and Doshi-Velez, Finale},
  journal={arXiv preprint arXiv:1906.09686},
  year={2019}
}

@article{fort2019deep,
  title={Deep ensembles: {A} loss landscape perspective},
  author={Fort, Stanislav and Hu, Huiyi and Lakshminarayanan, Balaji},
  journal={arXiv preprint arXiv:1912.02757},
  year={2019}
}

@article{foong2019between,
  title={`{In}-Between' Uncertainty in {Bayesian} Neural Networks},
  author={Foong, Andrew YK and Li, Yingzhen and Hern{\'a}ndez-Lobato, Jos{\'e} M and Turner, Richard E},
  journal={arXiv preprint arXiv:1906.11537},
  year={2019}
}

@article{ober2019benchmarking,
  title={Benchmarking the neural linear model for regression},
  author={Ober, Sebastian W and Rasmussen, Carl Edward},
  journal={arXiv preprint arXiv:1912.08416},
  year={2019}
}

@article{sun2019functional,
  title={Functional variational {Bayesian} neural networks},
  author={Sun, Shengyang and Zhang, Guodong and Shi, Jiaxin and Grosse, Roger},
  journal={arXiv preprint arXiv:1903.05779},
  year={2019}
}

@article{gal2018sufficient,
  title={Sufficient conditions for idealised models to have no adversarial examples: a theoretical and empirical study with {Bayesian} neural networks},
  author={Gal, Yarin and Smith, Lewis},
  journal={arXiv preprint arXiv:1806.00667},
  year={2018}
}

@inproceedings{ghosh2018structured,
  title={Structured variational learning of {Bayesian} neural networks with horseshoe priors},
  author={Ghosh, Soumya and Yao, Jiayu and Doshi-Velez, Finale},
  booktitle={International Conference on Machine Learning},
  pages={1744--1753},
  year={2018},
  organization={PMLR}
}

@inproceedings{riquelme2018deep,
  title={Deep {Bayesian} Bandits Showdown: An Empirical Comparison of {Bayesian} Deep Networks for Thompson Sampling},
  author={Riquelme, Carlos and Tucker, George and Snoek, Jasper},
  booktitle={International Conference on Learning Representations},
  year={2018}
}

@inproceedings{draxler2018essentially,
  title={Essentially no barriers in neural network energy landscape},
  author={Draxler, Felix and Veschgini, Kambis and Salmhofer, Manfred and Hamprecht, Fred},
  booktitle={International Conference on Machine Learning},
  pages={1309--1318},
  year={2018},
  organization={PMLR}
}

@inproceedings{guo2017calibration,
  title={On calibration of modern neural networks},
  author={Guo, Chuan and Pleiss, Geoff and Sun, Yu and Weinberger, Kilian Q},
  booktitle={International Conference on Machine Learning},
  pages={1321--1330},
  year={2017},
  organization={PMLR}
}

@misc{dua2017uci,
    author = "Dua, Dheeru and Graff, Casey",
    year = "2017",
    title = "{UCI} Machine Learning Repository",
    url = "http://archive.ics.uci.edu/ml",
    institution = "University of California, Irvine, School of Information and Computer Sciences"
}

@inproceedings{lakshminarayanan2017simple,
  title={Simple and scalable predictive uncertainty estimation using deep ensembles},
  author={Lakshminarayanan, Balaji and Pritzel, Alexander and Blundell, Charles},
  booktitle={Neural Information Processing Systems},
  pages={6405--6416},
  year={2017}
}

@inproceedings{hernandez2016black,
  title={Black-box alpha divergence minimization},
  author={Hern{\'a}ndez-Lobato, Jos{\'e} M and Li, Yingzhen and Rowland, Mark and Bui, Thang and Hern{\'a}ndez-Lobato, Daniel and Turner, Richard},
  booktitle={International Conference on Machine Learning},
  pages={1511--1520},
  year={2016},
  organization={PMLR}
}

@inproceedings{gal2016dropout,
  title={Dropout as a {Bayesian} approximation: {Representing} model uncertainty in deep learning},
  author={Gal, Yarin and Ghahramani, Zoubin},
  booktitle={International Conference on Machine Learning},
  pages={1050--1059},
  year={2016},
  organization={PMLR}
}

@article{gershman2015computational,
  title={Computational rationality: A converging paradigm for intelligence in brains, minds, and machines},
  author={Gershman, Samuel J and Horvitz, Eric J and Tenenbaum, Joshua B},
  journal={Science},
  volume={349},
  number={6245},
  pages={273--278},
  year={2015},
  publisher={American Association for the Advancement of Science}
}

@inproceedings{snoek2015scalable,
  title={Scalable {Bayesian} optimization using deep neural networks},
  author={Snoek, Jasper and Rippel, Oren and Swersky, Kevin and Kiros, Ryan and Satish, Nadathur and Sundaram, Narayanan and Patwary, Mostofa and Prabhat, Mr and Adams, Ryan},
  booktitle={International Conference on Machine Learning},
  pages={2171--2180},
  year={2015},
  organization={PMLR}
}

@inproceedings{blundell2015weight,
  author    = {Charles Blundell and
               Julien Cornebise and
               Koray Kavukcuoglu and
               Daan Wierstra},
  title     = {Weight Uncertainty in Neural Network},
  booktitle = {International Conference on Machine Learning},
  volume    = {37},
  pages     = {1613--1622},
  publisher = {PMLR},
  year      = {2015}
}

@inproceedings{hernandez2015probabilistic,
  title={Probabilistic backpropagation for scalable learning of {Bayesian} neural networks},
  author={Hern{\'a}ndez-Lobato, Jos{\'e} M and Adams, Ryan},
  booktitle={International Conference on Machine Learning},
  pages={1861--1869},
  year={2015},
  organization={PMLR}
}

@article{mnih2015human,
  title={Human-level control through deep reinforcement learning},
  author={Mnih, Volodymyr and Kavukcuoglu, Koray and Silver, David and Rusu, Andrei A and Veness, Joel and Bellemare, Marc G and Graves, Alex and Riedmiller, Martin and Fidjeland, Andreas K and Ostrovski, Georg and others},
  journal={Nature},
  volume={518},
  number={7540},
  pages={529--533},
  year={2015},
  publisher={Nature Publishing Group}
}

@inproceedings{kingma2015variational,
  title={Variational dropout and the local reparameterization trick},
  author={Kingma, Diederik P and Salimans, Tim and Welling, Max},
  booktitle={Neural Information Processing Systems},
  pages={2575--2583},
  year={2015}
}

@article{srivastava2014dropout,
  title={Dropout: A simple way to prevent neural networks from overfitting},
  author={Srivastava, Nitish and Hinton, Geoffrey and Krizhevsky, Alex and Sutskever, Ilya and Salakhutdinov, Ruslan},
  journal={Journal of Machine Learning Research},
  volume={15},
  number={1},
  pages={1929--1958},
  year={2014},
  publisher={JMLR}
}

@inproceedings{ranganath2014black,
  title={Black box variational inference},
  author={Ranganath, Rajesh and Gerrish, Sean and Blei, David},
  booktitle={Artificial intelligence and statistics},
  pages={814--822},
  year={2014},
  organization={PMLR}
}

@book{gelman2014bayesian,
  title={Bayesian Data Analysis},
  author={Gelman, Andrew and Carlin, John B and Stern, Hal S and Dunson, David B and Vehtari, Aki and Rubin, Donald B},
  year={2014},
  edition={3},
  publisher={CRC press}
}

@article{hoffman2014no,
  title={The {No-U-Turn} sampler: adaptively setting path lengths in {Hamiltonian} {Monte} {Carlo}.},
  author={Hoffman, Matthew D and Gelman, Andrew},
  journal={Journal of Machine Learning Research},
  volume={15},
  number={1},
  pages={1593--1623},
  year={2014}
}

@article{kingma2014adam,
  title={Adam: A method for stochastic optimization},
  author={Kingma, Diederik P and Ba, Jimmy},
  journal={arXiv preprint arXiv:1412.6980},
  year={2014}
}

@inproceedings{krizhevsky2012imagenet,
  title={Imagenet classification with deep convolutional neural networks},
  author={Krizhevsky, Alex and Sutskever, Ilya and Hinton, Geoffrey E},
  journal={Neural Information Processing Systems},
  volume={25},
  pages={1097--1105},
  year={2012}
}

@book{murphy2012machine,
  author    = {Murphy, Kevin P},
  title     = {Machine learning -- {A} Probabilistic Perspective},
  series    = {Adaptive computation and machine learning series},
  publisher = {{MIT} Press},
  year      = {2012},
  isbn      = {0262018020},
  timestamp = {Wed, 26 Apr 2017 17:48:08 +0200},
  biburl    = {https://dblp.org/rec/books/lib/Murphy12.bib},
  bibsource = {dblp computer science bibliography, https://dblp.org}
}


@inproceedings{graves2011practical,
  title={Practical variational inference for neural networks},
  author={Graves, Alex},
  booktitle={Neural Information Processing Systems},
  pages={2348--2356},
  year={2011},
}

@inproceedings{glorot2010understanding,
  title={Understanding the difficulty of training deep feedforward neural networks},
  author={Glorot, Xavier and Bengio, Yoshua},
  booktitle={Artificial intelligence and statistics},
  pages={249--256},
  year={2010},
  organization={JMLR Workshop and Conference Proceedings}
}

@techreport{murphy2007conjugate,
  title={Conjugate {Bayesian} analysis of the {Gaussian} distribution},
  author={Murphy, Kevin P},
  year={2007}
}

@book{bishop2006pattern,
  title={Pattern Recognition and Machine Learning},
  author={Bishop, Christopher M},
  year={2006},
  publisher={Springer}
}

@article{andrieu2003introduction,
  title={An introduction to {MCMC} for machine learning},
  author={Andrieu, Christophe and De Freitas, Nando and Doucet, Arnaud and Jordan, Michael I},
  journal={Machine learning},
  volume={50},
  number={1},
  pages={5--43},
  year={2003},
  publisher={Springer}
}

@inproceedings{minka2001expectation,
  title={Expectation propagation for approximate {Bayesian} inference},
  author={Minka, Thomas P},
  booktitle={Uncertainty in artificial intelligence},
  pages={362--369},
  year={2001}
}

S. cited this as a second source for variational Bayes. I decided to skip it for now.
@inproceedings{ghahramani2000variational,
  title={Variational inference for {Bayesian} mixtures of factor analysers},
  author={Ghahramani, Zoubin and Beal, Matthew J},
  booktitle={Neural Information Processing Systems},
  pages={449--455},
  year={2000}
}

@inproceedings{dietterich2000ensemble,
  title={Ensemble methods in machine learning},
  author={Dietterich, Thomas G},
  booktitle={International workshop on multiple classifier systems},
  pages={1--15},
  year={2000},
  organization={Springer}
}

@inproceedings{attias1999inferring,
  title={Inferring parameters and structure of latent variable models by variational {Bayes}},
  author={Attias, Hagai},
  booktitle={Uncertainty in artificial intelligence},
  pages={21--30},
  year={1999}
}

@incollection{mackay1995developments,
  title={Developments in probabilistic modelling with neural networks—--ensemble learning},
  author={MacKay, David J C},
  booktitle={Neural Networks: Artificial Intelligence and Industrial Applications},
  pages={191--198},
  year={1995},
  publisher={Springer}
}

@phdthesis{neal1995bayesian,
  title={{Bayesian} Learning for Neural Networks},
  author={Neal, Radford M},
  school={University of Toronto},
  year={1995}
}

@inproceedings{hinton1993keeping,
  title={Keeping the neural networks simple by minimizing the description length of the weights},
  author={Hinton, Geoffrey E and Van Camp, Drew},
  booktitle={Computational learning theory},
  pages={5--13},
  year={1993}
}

@article{mackay1992practical,
    author = {MacKay, David J C},
    title = {A Practical {Bayesian} Framework for Backpropagation Networks},
    journal = {Neural Computation},
    volume = {4},
    number = {3},
    pages = {448-472},
    year = {1992}
}

@article{gelman1992inference,
  title={Inference from iterative simulation using multiple sequences},
  author={Gelman, Andrew and Rubin, Donald B and others},
  journal={Statistical science},
  volume={7},
  number={4},
  pages={457--472},
  year={1992},
  publisher={Institute of Mathematical Statistics}
}

@article{duane1987hybrid,
  title={Hybrid {Monte} {Carlo}},
  author={Duane, Simon and Kennedy, Anthony D and Pendleton, Brian J and Roweth, Duncan},
  journal={Physics letters B},
  volume={195},
  number={2},
  pages={216--222},
  year={1987},
  publisher={Elsevier}
}

@article{hastings1970monte,
  title={{Monte} {Carlo} sampling methods using {Markov} chains and their applications},
  author={Hastings, W Keith},
  year={1970},
  publisher={Oxford University Press}
}

@article{metropolis1953equation,
  title={Equation of state calculations by fast computing machines},
  author={Metropolis, Nicholas and Rosenbluth, Arianna W and Rosenbluth, Marshall N and Teller, Augusta H and Teller, Edward},
  journal={The journal of chemical physics},
  volume={21},
  number={6},
  pages={1087--1092},
  year={1953},
  publisher={American Institute of Physics}
}

@article{cox1946probability,
  title={Probability, frequency and reasonable expectation},
  author={Cox, Richard T},
  journal={American journal of physics},
  volume={14},
  number={1},
  pages={1--13},
  year={1946},
  publisher={American Association of Physics Teachers}
}

